@article{probst2019tunability,
  title={Tunability: Importance of hyperparameters of machine learning algorithms},
  author={Probst, Philipp and Boulesteix, Anne-Laure and Bischl, Bernd},
  journal={Journal of Machine Learning Research},
  volume={20},
  number={53},
  pages={1--32},
  year={2019}
}
@article{arnold2024role,
  title={The role of hyperparameters in machine learning models and how to tune them},
  author={Arnold, Christian and Biedebach, Luka and K{\"u}pfer, Andreas and Neunhoeffer, Marcel},
  journal={Political Science Research and Methods},
  volume={12},
  number={4},
  pages={841--848},
  year={2024},
  publisher={Cambridge University Press}
}
@inproceedings{gezmu2022transformers,
  title={Transformers for Low-resource Neural Machine Translation.},
  author={Gezmu, Andargachew Mekonnen and N{\"u}rnberger, Andreas},
  booktitle={ICAART (1)},
  pages={459--466},
  year={2022}
}
@inproceedings{popovic2006morpho,
  title={Morpho-syntactic information for automatic error analysis of statistical machine translation output},
  author={Popovi{\'c}, Maja and de Gispert, Adri{\`a} and Gupta, Deepak and Lambert, Patrik and Ney, Hermann and Mari{\~n}o, Jos{\'e} B and Federico, Marcello and Banchs, Rafael E},
  booktitle={Proceedings on the Workshop on Statistical Machine Translation},
  pages={1--6},
  year={2006}
}
@inproceedings{gezmu2021neural,
  title={Neural Machine Translation for Amharic-English Translation.},
  author={Gezmu, Andargachew Mekonnen and N{\"u}rnberger, Andreas and Bati, Tesfaye Bayu},
  booktitle={ICAART (1)},
  pages={526--532},
  year={2021}
}
@misc{lankford2024,
      title={Transformers for Low-Resource Languages: Is F\'eidir Linn!}, 
      author={Séamus Lankford and Haithem Afli and Andy Way},
      year={2024},
      eprint={2403.01985},
      archivePrefix={arXiv},
      primaryClass={cs.CL},
      url={https://arxiv.org/abs/2403.01985}, 
}
@misc{weerts2020,
      title={Importance of Tuning Hyperparameters of Machine Learning Algorithms}, 
      author={Hilde J. P. Weerts and Andreas C. Mueller and Joaquin Vanschoren},
      year={2020},
      eprint={2007.07588},
      archivePrefix={arXiv},
      primaryClass={cs.LG},
      url={https://arxiv.org/abs/2007.07588}, 
}
@inproceedings{zhang-etal-2023-hyperparameter,
    title = "A Hyperparameter Optimization Toolkit for Neural Machine Translation Research",
    author = "Zhang, Xuan  and
      Duh, Kevin  and
      McNamee, Paul",
    editor = "Bollegala, Danushka  and
      Huang, Ruihong  and
      Ritter, Alan",
    booktitle = "Proceedings of the 61st Annual Meeting of the Association for Computational Linguistics (Volume 3: System Demonstrations)",
    month = jul,
    year = "2023",
    address = "Toronto, Canada",
    publisher = "Association for Computational Linguistics",
    url = "https://aclanthology.org/2023.acl-demo.15/",
    doi = "10.18653/v1/2023.acl-demo.15",
    pages = "161--168",
}
@article{zhang-duh-2020-reproducible,
    title = "Reproducible and Efficient Benchmarks for Hyperparameter Optimization of Neural Machine Translation Systems",
    author = "Zhang, Xuan  and
      Duh, Kevin",
    editor = "Johnson, Mark  and
      Roark, Brian  and
      Nenkova, Ani",
    journal = "Transactions of the Association for Computational Linguistics",
    volume = "8",
    year = "2020",
    address = "Cambridge, MA",
    publisher = "MIT Press",
    url = "https://aclanthology.org/2020.tacl-1.26/",
    doi = "10.1162/tacl_a_00322",
    pages = "393--408",
}
@inproceedings{abate2018parallel,
  title={Parallel corpora for bi-directional statistical machine translation for seven ethiopian language pairs},
  author={Abate, Solomon Teferra and Melese, Michael and Tachbelie, Martha Yifiru and Meshesha, Million and Atinafu, Solomon and Mulugeta, Wondwossen and Assabie, Yaregal and Abera, Hafte and Seyoum, Binyam Ephrem and Abebe, Tewodros and others},
  booktitle={Proceedings of the First Workshop on Linguistic Resources for Natural Language Processing},
  pages={83--90},
  year={2018}
}
@phdthesis{abebe2021ge,
  title     = {GE’EZ TO ENGLISH MACHINE TRANSLATION USING RNN},
  author    = {Abebe, Getnet},
  year      = {2021},
  school    = {Bahir Dar University},  
}
@article{adal2018semantics,
  title={The Semantics of Complement Clause Types in Xɨmt’a{\ng}a},
  author={Adal, Andualem},
  journal={Ethiopian Journal of Languages and Literature},
  volume={14},
  pages={96--117},
  year={2018}
}
@inproceedings{al1999statistical,
  title={Statistical machine translation},
  author={Al-Onaizan, Yaser and Curin, Jan and Jahr, Michael and Knight, Kevin and Lafferty, John and Melamed, Dan and Och, Franz-Josef and Purdy, David and Smith, Noah A and Yarowsky, David},
  booktitle={Final Report, JHU Summer Workshop},
  volume={30},
  pages={1--42},
  year={1999}
}
@article{appleyard1984internal,
  title={The internal classification of the Agaw languages: A comparative and historical phonology},
  author={Appleyard, David},
  journal={Current progress in Afro-Asiatic linguistics},
  pages={33--67},
  year={1984}
}
@article{arfaso2019bi,
  title={Bi-Directional English-Afan Oromo Machine Translation Using Convolutional Neural Network},
  author={Arfaso, B},
  journal={Addis Ababa University},
  year={2019}
}
@article{bahdanau2014neural,
  title={Neural machine translation by jointly learning to align and translate},
  author={Bahdanau, Dzmitry},
  journal={arXiv preprint arXiv:1409.0473},
  year={2014}
}
@inproceedings{chekole2023bi,
  title={Bi-Directional Machine Translation Between Amharic and Khimtagne Using Deep Learning},
  author={Chekole, Adane Kasie and Asfaw, Tesfa Tegegne and Negia, Mengistu Kinfe},
  booktitle={2023 International Conference on Information and Communication Technology for Development for Africa (ICT4DA)},
  pages={176--180},
  year={2023},
  organization={IEEE}
}
@article{cheragui2012theoretical,
  title={Theoretical Overview of Machine translation.},
  author={Ch{\'e}ragui, Mohamed Amine},
  journal={ICWIT},
  pages={160--169},
  year={2012},
  publisher={Citeseer}
}
@article{cho2014properties,
  title={On the properties of neural machine translation: Encoder-decoder approaches},
  author={Cho, Kyunghyun},
  journal={arXiv preprint arXiv:1409.1259},
  year={2014}
}
@article{costa2015latest,
  title={Latest trends in hybrid machine translation and its applications},
  author={Costa-Jussa, Marta R and Fonollosa, Jos{\'e} AR},
  journal={Computer Speech \& Language},
  volume={32},
  number={1},
  pages={3--10},
  year={2015},
  publisher={Elsevier}
}
@article{devlin2004morphology,
  title={Morphology and the internal structure of words},
  author={Devlin, Joseph T and Jamison, Helen L and Matthews, Paul M and Gonnerman, Laura M},
  journal={Proceedings of the National Academy of Sciences},
  volume={101},
  number={41},
  pages={14984--14988},
  year={2004},
  publisher={National Acad Sciences}
}
@article{dorr2006machine,
  title={Machine translation: Interlingual methods},
  author={Dorr, Bonnie and Hovy, Eduard and Levin, Lori},
  year={2006},
  publisher={Elsevier}
}
@inproceedings{darmon2012light,
  title={Light Verb Constructions in Xamtanga and in the Ethiopian Linguistic Area},
  author={Darmon, Chlo{\'e}},
  booktitle={Selected Proceedings of the 42nd Annual Conference on African Linguistics},
  pages={183--194},
  year={2012}
}
@article{forcada2017making,
  title={Making sense of neural machine translation},
  author={Forcada, Mikel L},
  journal={Translation spaces},
  volume={6},
  number={2},
  pages={291--309},
  year={2017},
  publisher={John Benjamins Publishing Company Amsterdam/Philadelphia}
}
@article{gannon2008language,
  title={Language barriers},
  author={Gannon, Frank},
  journal={EMBO reports},
  volume={9},
  number={3},
  pages={207--207},
  year={2008},
  publisher={John Wiley \& Sons, Ltd Chichester, UK}
}
@phdthesis{waldeyes2022bi,
  title={Bi-Directional English to Afaan Oromo Neural Machine Translation using a Deep Learning Approach},
  author={Waldeyes, Adere Gari},
  year={2022}
}
@article{garomaverb,
  title={Verb Inflection in Xїmt’{\"a}{\ng}a (Awwi)},
  author={Garoma, Eba Teresa}
}
@inproceedings{getachew2023gex,
  title={Gex'ez-English Bi-Directional Neural Machine Translation Using Transformer},
  author={Getachew, Sefineh and Yayeh, Yirga},
  booktitle={2023 International Conference on Information and Communication Technology for Development for Africa (ICT4DA)},
  pages={160--164},
  year={2023},
  organization={IEEE}
}
@inproceedings{gezmu2021neural,
  title={Neural Machine Translation for Amharic-English Translation.},
  author={Gezmu, Andargachew Mekonnen and N{\"u}rnberger, Andreas and Bati, Tesfaye Bayu},
  booktitle={ICAART (1)},
  pages={526--532},
  year={2021}
}
@article{ghader2017does,
  title={What does attention in neural machine translation pay attention to?},
  author={Ghader, Hamidreza and Monz, Christof},
  journal={arXiv preprint arXiv:1710.03348},
  year={2017}
}
@article{gholamy201870,
  title={Why 70/30 or 80/20 relation between training and testing sets: A pedagogical explanation},
  author={Gholamy, Afshin and Kreinovich, Vladik and Kosheleva, Olga},
  journal={Int. J. Intell. Technol. Appl. Stat},
  volume={11},
  number={2},
  pages={105--111},
  year={2018}
}
@book{wedekind2002sociolinguistic,
  title={Sociolinguistic survey of the Awngi language of Ethiopia},
  author={Wedekind, Charlotte and Wedekind, Klaus},
  year={2002},
  publisher={SIL (Soci{\'e}t{\'e} Internat. de Linguistique)}
}
@inproceedings{hamoodat2018complex,
  title={Complex networks reveal a glottochronological classification of natural languages},
  author={Hamoodat, Harith and Al Rozz, Younis and Menezes, Ronaldo},
  booktitle={Complex Networks IX: Proceedings of the 9th Conference on Complex Networks CompleNet 2018 9},
  pages={209--219},
  year={2018},
  organization={Springer}
}
@article{hutchins2003machine,
  title={Machine translation and computer-based translation tools: What’s available and how it’s used},
  author={Hutchins, John},
  journal={A new spectrum of translation studies},
  pages={13--48},
  year={2003},
  publisher={Valladolid: University of Valladolid}
}
@incollection{gaspari2024history,
  title={The History of Translation Technologies},
  author={Gaspari, Federico},
  booktitle={The Routledge Handbook of the History of Translation Studies},
  pages={324--338},
  year={2024},
  publisher={Routledge}
}
@incollection{hutchins1995,
  title={Machine translation: A brief history},
  author={Hutchins, W John},
  booktitle={Concise history of the language sciences},
  pages={431--445},
  year={1995},
  publisher={Elsevier}
}
@article{ABUARQOUB_2019,
title={Language barriers to effective communication}, 
volume={24},
journal={Utopía y Praxis Latinoamericana}, 
author={ABUARQOUB, I. A.S}, 
year={2019}, 
month={dic.}, 
pages={64-77}
}
@article{Irfan,
author = {Irfan, Muhammad},
year = {2017},
month = {10},
pages = {},
title = {Machine Translation}
}
@article{Kalita2018,
author = {Kalita, Nayan and Islam, Baharul},
year = {2015},
month = {04},
pages = {},
title = {Bengali to Assamese Statistical Machine Translation using Moses (Corpus Based)}
}
@article{kapur2018barriers,
  title={Barriers to effective communication},
  author={Kapur, Radhika},
  journal={Delhi University},
  year={2018}
}
@article{karakanta2018neural,
  title={Neural machine translation for low-resource languages without parallel corpora},
  author={Karakanta, Alina and Dehdari, Jon and van Genabith, Josef},
  journal={Machine Translation},
  volume={32},
  pages={167--189},
  year={2018},
  publisher={Springer}
}
@inproceedings{kavirajan2017improving,
  title={Improving the rule based machine translation system using sentence simplification (English to Tamil)},
  author={Kavirajan, B and Kumar, M Anand and Soman, KP and Rajendran, S and Vaithehi, S},
  booktitle={2017 International Conference on Advances in Computing, Communications and Informatics (ICACCI)},
  pages={957--963},
  year={2017},
  organization={IEEE}
}
@inproceedings{khenglawt2018,
  title={Machine translation and its approaches},
  author={Khenglawt, Vanlalmuansangi and others},
  booktitle={Mizoram Science Congress 2018 (MSC 2018)},
  pages={141--145},
  year={2018},
  organization={Atlantis Press}
}
@article{kituku2016review,
  title={A review on machine translation approaches},
  author={Kituku, Benson and Muchemi, Lawrence and Nganga, Wanjiku},
  journal={Indonesian Journal of Electrical Engineering and Computer Science},
  volume={1},
  number={1},
  pages={182--190},
  year={2016}
}
@article{jooste2021philipp,
  title={Philipp Koehn: Neural Machine Translation: Cambridge University Press, 30 Jun 2020, www. cambridge. org/9781108497329, DOI: 10.1017/9781108608480},
  author={Jooste, Wandri and Haque, Rejwanul and Way, Andy},
  journal={Machine Translation},
  volume={35},
  number={2},
  pages={289--299},
  year={2021},
  publisher={Springer}
}
@inproceedings{koehn2003statistical,
  title={Statistical phrase-based translation},
  author={Koehn, Philipp and Och, Franz Josef and Marcu, Daniel},
  booktitle={2003 Conference of the North American Chapter of the Association for Computational Linguistics on Human Langauge Technology (HLT-NAACL 2003)},
  pages={48--54},
  year={2003},
  organization={Association for Computational Linguistics}
}
@article{kuribayashi2021lower,
  title={Lower perplexity is not always human-like},
  author={Kuribayashi, Tatsuki and Oseki, Yohei and Ito, Takumi and Yoshida, Ryo and Asahara, Masayuki and Inui, Kentaro},
  journal={arXiv preprint arXiv:2106.01229},
  year={2021}
}
@article{li2015visualizing,
  title={Visualizing and understanding neural models in NLP},
  author={Li, Jiwei and Chen, Xinlei and Hovy, Eduard and Jurafsky, Dan},
  journal={arXiv preprint arXiv:1506.01066},
  year={2015}
}
@article{luong2015effective,
  title={Effective approaches to attention-based neural machine translation},
  author={Luong, Minh-Thang},
  journal={arXiv preprint arXiv:1508.04025},
  year={2015}
}
@article{mauvcec2019machine,
  title={Machine translation and the evaluation of its quality},
  author={Mau{\v{c}}ec, Mirjam Sepesy and Donaj, Gregor},
  journal={Recent trends in computational intelligence},
  volume={143},
  year={2019},
  publisher={IntechOpen}
}
@incollection{mauranen2015english,
  title={English as a global Lingua Franca: changing language in changing global academia},
  author={Mauranen, Anna},
  booktitle={Exploring ELF in Japanese academic and business contexts},
  pages={29--46},
  year={2015},
  publisher={Routledge}
}
@article{mekonnen2019amharic,
  title={Amharic-Awngi machine translation an experiment using statistical approach},
  author={Mekonnen, Habtamu},
  journal={International Journal of Computer Sciences and Engineering},
  volume={7},
  number={8},
  pages={6--10},
  year={2019}
}
@article{mistry2017literature,
  title={Literature Survey: Study of Neural Machine Translation},
  author={Mistry, Jigar and Verma, A and Bhattacharyya, Pushpak},
  journal={Resource Centre for Indian Language Technology Solutions (CFILT)},
  year={2017}
}
@inproceedings{nakov2008improving,
  title={Improving English-Spanish statistical machine translation: Experiments in domain adaptation, sentence paraphrasing, tokenization, and recasing},
  author={Nakov, Preslav},
  booktitle={Proceedings of the third workshop on statistical machine translation},
  pages={147--150},
  year={2008}
}
@article{okpor2014machine,
  title={Machine translation approaches: issues and challenges},
  author={Okpor, Margaret Dumebi},
  journal={International Journal of Computer Science Issues (IJCSI)},
  volume={11},
  number={5},
  pages={159},
  year={2014},
  publisher={International Journal of Computer Science Issues (IJCSI)}
}
@article{olah2015understanding,
  title={Understanding lstm networks},
  author={Olah, Christopher and others},
  year={2015}
}
@article{phuoc2016building,
  title={Building a bidirectional english-vietnamese statistical machine translation system by using moses},
  author={Phuoc, Nguyen Quang and Quan, Yingxiu and Ock, Cheol-Young},
  journal={International Journal of Computer and Electrical Engineering},
  volume={8},
  number={2},
  pages={161},
  year={2016},
  publisher={IACSIT Press}
}
@book{poibeau2017,
  title={Machine translation},
  author={Poibeau, Thierry},
  year={2017},
  publisher={MIT Press}
}
@incollection{ramaiah2023study,
  title={Study of Neural Machine Translation With Long Short-Term Memory Techniques},
  author={Ramaiah, Mangayarkarasi and Datta, Debajit and Vanmathi, C and Agarwal, Rishav},
  booktitle={Deep Learning Research Applications for Natural Language Processing},
  pages={65--88},
  year={2023},
  publisher={IGI Global}
}
@incollection{rikters2018impact,
  title={Impact of corpora quality on neural machine translation},
  author={Rikters, Mat{\=\i}ss},
  booktitle={Human language technologies--The Baltic perspective},
  pages={126--133},
  year={2018},
  publisher={IOS Press}
}
@inproceedings{rishita2019machine,
  title={Machine translation using natural language processing},
  author={Rishita, Middi Venkata Sai and Raju, Middi Appala and Harris, Tanvir Ahmed},
  booktitle={MATEC Web of Conferences},
  volume={277},
  pages={02004},
  year={2019},
  organization={EDP Sciences}
}
@incollection{sundaram2023exploration,
  title={An Exploration of Python Libraries in Machine Learning Models for Data Science},
  author={Sundaram, Jawahar and Gowri, K and Devaraju, S and Gokuldev, S and Jayaprakash, Sujith and Anandaram, Harishchander and Manivasagan, C and Thenmozhi, M},
  booktitle={Advanced Interdisciplinary Applications of Machine Learning Python Libraries for Data Science},
  pages={1--31},
  year={2023},
  publisher={IGI Global}
}
@article{sahaya2015evaluation,
  title={Evaluation of Performance Metric of Automatic Machine Translation},
  author={Sahaya, Vandana and Singh, Pardeep},
  journal={International Journal of Computer Science and Software Engineering},
  volume={1},
  pages={49--57},
  year={2015}
}
@article{salehinejad2017recent,
  title={Recent advances in recurrent neural networks},
  author={Salehinejad, Hojjat and Sankar, Sharan and Barfett, Joseph and Colak, Errol and Valaee, Shahrokh},
  journal={arXiv preprint arXiv:1801.01078},
  year={2017}
}
@inbook{inbook,
author = {Schmid, Hans-Jörg},
year = {2015},
month = {01},
pages = {},
title = {Chapter 4: Morphology}
}
@inproceedings{schwenk2006continuous,
  title={Continuous space language models for statistical machine translation},
  author={Schwenk, Holger and D{\'e}chelotte, Daniel and Gauvain, Jean-Luc},
  booktitle={Proceedings of the COLING/ACL 2006 Main Conference Poster Sessions},
  pages={723--730},
  year={2006}
}
@article{sharma2023machine,
  title={Machine translation systems based on classical-statistical-deep-learning approaches},
  author={Sharma, Sonali and Diwakar, Manoj and Singh, Prabhishek and Singh, Vijendra and Kadry, Seifedine and Kim, Jungeun},
  journal={Electronics},
  volume={12},
  number={7},
  pages={1716},
  year={2023},
  publisher={MDPI}
}
@inproceedings{singh2017machine,
  title={Machine translation using deep learning: An overview},
  author={Singh, Shashi Pal and Kumar, Ajai and Darbari, Hemant and Singh, Lenali and Rastogi, Anshika and Jain, Shikha},
  booktitle={2017 international conference on computer, communications and electronics (comptelix)},
  pages={162--167},
  year={2017},
  organization={IEEE}
}
@article{soydaner2022attention,
  title={Attention mechanism in neural networks: where it comes and where it goes},
  author={Soydaner, Derya},
  journal={Neural Computing and Applications},
  volume={34},
  number={16},
  pages={13371--13385},
  year={2022},
  publisher={Springer}
}
@article{staudemeyer2019understanding,
  title={Understanding LSTM--a tutorial into long short-term memory recurrent neural networks},
  author={Staudemeyer, Ralf C and Morris, Eric Rothstein},
  journal={arXiv preprint arXiv:1909.09586},
  year={2019}
}
@article{steigerwald2022overcoming,
  title={Overcoming language barriers in academia: Machine translation tools and a vision for a multilingual future},
  author={Steigerwald, Emma and Ram{\'\i}rez-Casta{\~n}eda, Valeria and Brandt, D{\'e}bora YC and B{\'a}ldi, Andr{\'a}s and Shapiro, Julie Teresa and Bowker, Lynne and Tarvin, Rebecca D},
  journal={BioScience},
  volume={72},
  number={10},
  pages={988--998},
  year={2022},
  publisher={Oxford University Press}
}
@article{suleiman2021recurrent,
  title={Recurrent neural network techniques: Emphasis on use in neural machine translation},
  author={Suleiman, Dima and Etaiwi, Wael and Awajan, Arafat},
  journal={Informatica},
  volume={45},
  number={7},
  year={2021}
}
@inproceedings{sumita1991experiments,
  title={Experiments and prospects of example-based machine translation},
  author={Sumita, Eiichiro and Iida, Hitoshi},
  booktitle={29th Annual Meeting of the Association for Computational Linguistics},
  pages={185--192},
  year={1991}
}
@article{sutskever2014sequence,
  title={Sequence to Sequence Learning with Neural Networks},
  author={Sutskever, I},
  journal={arXiv preprint arXiv:1409.3215},
  year={2014}
}
@article{tan2020neural,
  title={Neural machine translation: A review of methods, resources, and tools},
  author={Tan, Zhixing and Wang, Shuo and Yang, Zonghan and Chen, Gang and Huang, Xuancheng and Sun, Maosong and Liu, Yang},
  journal={AI Open},
  volume={1},
  pages={5--21},
  year={2020},
  publisher={Elsevier}
}
@article{teshome2015grammar,
  title={A grammar of Khimt’anga},
  author={Teshome, Belay},
  journal={Addis Ababa: Addis Ababa University PhD dissertation},
  year={2015}
}
@phdthesis{teshome2013bidirectional,
  title={Bidirectional English-Amharic machine translation: an experiment using constrained corpus},
  author={Teshome, Eleni},
  year={2013},
  school={Addis Ababa University}
}
@article{tripathi2010approaches,
  title={Approaches to machine translation},
  author={Tripathi, Sneha and Sarkhel, Juran Krishna},
  year={2010},
  publisher={NISCAIR-CSIR, India}
}
@inproceedings{varga2009transfer,
  title={Transfer rule generation for a Japanese-Hungarian machine translation system},
  author={Varga, Istv{\'a}n and Yokoyama, Shoichi},
  booktitle={Proceedings of Machine Translation Summit XII: Posters},
  year={2009}
}
@article{vaswani2017attention,
  title={Attention is all you need},
  author={Vaswani, A},
  journal={Advances in Neural Information Processing Systems},
  year={2017}
}
@article{verma2019hindi,
  title={Hindi-English neural machine translation using attention model},
  author={Verma, C and Singh, A and Seal, S and Singh, V and Mathur, I},
  journal={Int. J. Sci. Technol. Res},
  volume={8},
  number={11},
  year={2019}
}
@article{wang2022progress,
  title={Progress in machine translation},
  author={Wang, Haifeng and Wu, Hua and He, Zhongjun and Huang, Liang and Church, Kenneth Ward},
  journal={Engineering},
  volume={18},
  pages={143--153},
  year={2022},
  publisher={Elsevier}
}
@article{wentzel1922funkenlinien,
  title={Funkenlinien im r{\"o}ntgenspektrum},
  author={Wentzel, Gregor},
  journal={Annalen der Physik},
  volume={371},
  number={23},
  pages={437--461},
  year={1922},
  publisher={Wiley Online Library}
}
@article{woldemariam2016language,
  title={language planning challenged by identity contestation in a multilingual setting: the case of gamo},
  author={Woldemariam, Hirut},
  journal={Oslo Studies in Language},
  volume={8},
  number={1},
  year={2016}
}
@article{wu2016google,
  title={Google's neural machine translation system: Bridging the gap between human and machine translation},
  author={Wu, Yonghui},
  journal={arXiv preprint arXiv:1609.08144},
  year={2016}
}
@article{xuan2012advanced,
  title={An advanced review of hybrid machine translation (HMT)},
  author={Xuan, HW and Li, W and Tang, GY},
  journal={Procedia Engineering},
  volume={29},
  pages={3017--3022},
  year={2012},
  publisher={Elsevier}
}
@inproceedings{xv2020russian,
  title={Russian-English Bidirectional Machine Translation System},
  author={Xv, Ariel},
  booktitle={Proceedings of the Fifth Conference on Machine Translation},
  pages={320--325},
  year={2020}
}
@inproceedings{yang2021machine,
  title={Machine translation system based on deep learning},
  author={Yang, Ting and Zhao, Shinan and Chen, He and Chen, Bo},
  booktitle={Journal of Physics: Conference Series},
  volume={2030},
  number={1},
  pages={012098},
  year={2021},
  organization={IOP Publishing}
}
@phdthesis{zewgneh2017english,
  title={English--Amharic document translation using hybrid approach},
  author={Zewgneh, Samrawit},
  year={2017},
  school={Master’s thesis, Addis Ababa University}
}



//////////////////////////////////////////////////////////////////////////////////////////////////////////////////////////////////
@article{giuliano20245g,
  title={From 5G-Advanced to 6G in 2030: New Services, 3GPP Advances and Enabling Technologies},
  author={Giuliano, Romeo},
  journal={IEEE Access},
  year={2024},
  publisher={IEEE}
}
@article{chaccour2022seven,
  title={Seven defining features of terahertz (THz) wireless systems: A fellowship of communication and sensing},
  author={Chaccour, Christina and Soorki, Mehdi Naderi and Saad, Walid and Bennis, Mehdi and Popovski, Petar and Debbah, M{\'e}rouane},
  journal={IEEE Communications Surveys \& Tutorials},
  volume={24},
  number={2},
  pages={967--993},
  year={2022},
  publisher={IEEE}
}
@article{wang2023road,
  title={On the road to 6G: Visions, requirements, key technologies, and testbeds},
  author={Wang, Cheng-Xiang and You, Xiaohu and Gao, Xiqi and Zhu, Xiuming and Li, Zixin and Zhang, Chuan and Wang, Haiming and Huang, Yongming and Chen, Yunfei and Haas, Harald and others},
  journal={IEEE Communications Surveys \& Tutorials},
  volume={25},
  number={2},
  pages={905--974},
  year={2023},
  publisher={IEEE}
}
@article{mahmood2024analysis,
  title={Analysis of Terahertz (THz) Frequency Propagation and Link Design for Federated Learning in 6G Wireless Systems},
  author={Mahmood, Atif and Kiah, Miss Laiha Mat and Azizul, Zati Hakim and Azzuhri, Saaidal Razalli},
  journal={IEEE Access},
  year={2024},
  publisher={IEEE}
}
@article{maiwald2023review,
  title={A review of integrated systems and components for 6G wireless communication in the D-band},
  author={Maiwald, Tim and Li, Teng and Hotopan, George-Roberto and Kolb, Katharina and Disch, Karina and Potschka, Julian and Haag, Alexander and Dietz, Marco and Debaillie, Bj{\"o}rn and Zwick, Thomas and others},
  journal={Proceedings of the IEEE},
  volume={111},
  number={3},
  pages={220--256},
  year={2023},
  publisher={IEEE}
}
@article{cai2024toward,
  title={Toward 6G with terahertz communications: Understanding the propagation channels},
  author={Cai, Xuesong and Cheng, Xiang and Tufvesson, Fredrik},
  journal={IEEE Communications Magazine},
  volume={62},
  number={2},
  pages={32--38},
  year={2024},
  publisher={IEEE}
}
@inproceedings{ananthasankar2024multi,
  title={Multi Band Multi Directional Slotted Waveguide Antenna for Sub Tera Hertz Communication and Imaging Applications},
  author={Ananthasankar, UA and Rekha, TK and KV, Sunil Kumar},
  booktitle={2024 1st International Conference on Trends in Engineering Systems and Technologies (ICTEST)},
  pages={1--5},
  year={2024},
  organization={IEEE}
}
@inproceedings{saeed2023sub,
  title={Sub-terahertz microstrip antenna array for future communication},
  author={Saeed, Muhammad Asfar and Nwajana, Augustine O},
  booktitle={2023 International Conference on Electrical, Computer and Energy Technologies (ICECET)},
  pages={1--4},
  year={2023},
  organization={IEEE}
}
@inproceedings{jung2022stub,
  title={Stub-loaded sub-terahertz wideband antenna design and measurement},
  author={Jung, Dongjin and Park, Chan Ju and Seo, Jung Woo and Kwon, Taek Sun and Jeong, Jun Gi and Wi, Sang-Hyuk and Na, Ilju and Choi, Sunghyun},
  booktitle={2022 16th European Conference on Antennas and Propagation (EuCAP)},
  pages={1--4},
  year={2022},
  organization={IEEE}
}
@inproceedings{moghe2022sub,
  title={Sub-Terahertz MIMO array antenna for future wireless applications},
  author={Moghe, Sneha and Yadav, Rohit and Malviya, Leeladhar},
  booktitle={2022 IEEE 11th International Conference on Communication Systems and Network Technologies (CSNT)},
  pages={49--53},
  year={2022},
  organization={IEEE}
}
@article{bodet2023directional,
  title={Directional antennas for sub-THz and THz MIMO systems: bridging the gap between theory and implementation},
  author={Bodet, Duschia M and Jornet, Josep M},
  journal={IEEE Open Journal of the Communications Society},
  year={2023},
  publisher={IEEE}
}
@article{serghiou2022terahertz,
  title={Terahertz channel propagation phenomena, measurement techniques and modeling for 6G wireless communication applications: A survey, open challenges and future research directions},
  author={Serghiou, Demos and Khalily, Mohsen and Brown, Tim WC and Tafazolli, Rahim},
  journal={IEEE Communications Surveys \& Tutorials},
  volume={24},
  number={4},
  pages={1957--1996},
  year={2022},
  publisher={IEEE}
}
@article{chen2021terahertz,
  title={Terahertz wireless communications for 2030 and beyond: A cutting-edge frontier},
  author={Chen, Zhi and Han, Chong and Wu, Yongzhi and Li, Lingxiang and Huang, Chongwen and Zhang, Zhaoyang and Wang, Guangjian and Tong, Wen},
  journal={IEEE Communications Magazine},
  volume={59},
  number={11},
  pages={66--72},
  year={2021},
  publisher={IEEE}
}
@article{vettikalladi2022sub,
  title={Sub-terahertz (THz) antenna for Internet of Things and 6G Communication},
  author={Vettikalladi, Hamsakutty and Sethi, Waleed Tariq and Ko, Wonsuk},
  journal={Frequenz},
  volume={76},
  number={3-4},
  pages={177--184},
  year={2022},
  publisher={De Gruyter}
}
@inproceedings{jung2023stub,
  title={Stub-loaded Via Transition for Wideband Impedance Matching of Sub-THz 6G Antenna-in-Package},
  author={Jung, Dongjin and Park, Chan Ju and Kwon, Taek Sun and Ahn, ByungKuon and Seo, Jung Woo and Wi, Sang-Hyuk and Kwon, Hwan-Joon},
  booktitle={2023 IEEE/MTT-S International Microwave Symposium-IMS 2023},
  pages={307--310},
  year={2023},
  organization={IEEE}
}
@article{elzanaty2023toward,
  title={Toward 6G holographic localization: Enabling technologies and perspectives},
  author={Elzanaty, Ahmed and Guerra, Anna and Guidi, Francesco and Dardari, Davide and Alouini, Mohamed-Slim},
  journal={IEEE internet of things magazine},
  volume={6},
  number={3},
  pages={138--143},
  year={2023},
  publisher={IEEE}
}
@article{emami2024survey,
  title={A Survey on Haptics: Communication, Sensing and Feedback},
  author={Emami, Melika and Bayat, Amirhossein and Tafazolli, Rahim and Quddus, Atta},
  journal={IEEE Communications Surveys \& Tutorials},
  year={2024},
  publisher={IEEE}
}
@inproceedings{sugimoto2024sub,
  title={Sub-THz Multi-Beam Antennas for Virtualized Terminal Technology},
  author={Sugimoto, Yoshiki and Sakakibara, Kunio and Tsuchida, Takeyuki and Sugiyama, Takuya and Kishi, Shumpei and Iwamoto, Azuki and Nishimura, Kenta and Narita, Takanori and Sakamoto, Motoko and Kikuma, Nobuyoshi and others},
  booktitle={2024 Joint European Conference on Networks and Communications \& 6G Summit (EuCNC/6G Summit)},
  pages={1033--1037},
  year={2024},
  organization={IEEE}
}
@article{zhang2024dynamic,
  title={Dynamic Sub-THZ Radio Channel Emulation: Principle, Challenges, and Experimental Validation},
  author={Zhang, Fengchun and Bengtson, Mikkel Filt and Ky{\"o}sti, Pekka and Kyr{\"o}l{\"a}inen, Jukka and Fan, Wei},
  journal={IEEE Wireless Communications},
  volume={31},
  number={1},
  pages={10--16},
  year={2024},
  publisher={IEEE}
}
@article{aqlan2021circularly,
  title={A circularly polarized sub-terahertz antenna with low-profile and high-gain for 6G wireless communication systems},
  author={Aqlan, Basem and Himdi, Mohamed and Vettikalladi, Hamsakutty and Le-Coq, Laurent},
  journal={IEEE Access},
  volume={9},
  pages={122607--122617},
  year={2021},
  publisher={IEEE}
}
@article{zhu2020compact,
  title={Compact high-gain Si-imprinted THz antenna for ultrahigh speed wireless communications},
  author={Zhu, Shu-Yan and Li, Yuan-Long and Luk, Kwai-Man and Pang, Stella W},
  journal={IEEE Transactions on Antennas and Propagation},
  volume={68},
  number={8},
  pages={5945--5954},
  year={2020},
  publisher={IEEE}
}
@article{kamal2024microstrip,
  title={Microstrip-Ministered Proximity-Coupled Stacked Dual-Port Antenna for 6G Applications},
  author={Kamal, Shahanawaz and Sen, Padmanava},
  journal={IEEE Access},
  year={2024},
  publisher={IEEE}
}
@inproceedings{raja2023design,
  title={Design of an 8-Elements DGS based Dual Band MIMO Antenna with Improved Isolation for Wireless Communications},
  author={Raja, Dinavahi BNV Sai Durga Sri and Nej, Sanjukta and Sumith, Marepally and Bairapakka, Santosh Kumar and Ghosh, Anumoy and others},
  booktitle={2023 International Conference on Computer, Electronics \& Electrical Engineering \& their Applications (IC2E3)},
  pages={1--6},
  year={2023},
  organization={IEEE}
}
@inproceedings{usha2019design,
  title={Design and Analysis of Hybrid Feed Array for Metamaterial Loaded Microstrip Patch Antenna},
  author={Usha, Tamanna Yeasmin and Al Nahiyan, Swad and Sagor, Md Hasanuzzaman},
  booktitle={2019 International Workshop on Antenna Technology (iWAT)},
  pages={101--104},
  year={2019},
  organization={IEEE}
}
@article{kothapudi2021hybrid,
  title={Hybrid-fed shared aperture antenna array for X/K-band airborne synthetic aperture radar applications},
  author={Kothapudi, Venkata Kishore and Kumar, Vijay},
  journal={IET Microwaves, Antennas \& Propagation},
  volume={15},
  number={1},
  pages={93--102},
  year={2021},
  publisher={Wiley Online Library}
}
@article{su2024gain,
  title={Gain Enhancement of Low-Profile Dielectric Resonator Antenna With a Loading Metal},
  author={Su, Zhi-Li and Leung, Kwok Wa and Lu, Kai},
  journal={IEEE Antennas and Wireless Propagation Letters},
  year={2024},
  publisher={IEEE}
}
@article{chocarro2024metasurface,
  title={A Metasurface-Enhanced Substrate-Integrated Waveguide Antenna},
  author={Chocarro, Javier and P{\'e}rez-Escudero, Jose Manuel and Teniente, Jorge and Iriarte-Galarregui, Juan Carlos and Ederra, I{\~n}igo},
  journal={IEEE Access},
  year={2024},
  publisher={IEEE}
}
@article{chen2024dual,
  title={Dual-Polarized Heterogeneous Stacked Patch Antenna with Stable Radiation Performance and High Efficiency},
  author={Chen, Jian-Xin and Yan, Tian-Yu and Yang, Jun-Yao and Ding, Xin-Hao and Yang, Ling-Ling and Li, Yunli},
  journal={IEEE Antennas and Wireless Propagation Letters},
  year={2024},
  publisher={IEEE}
}
@article{azeez2024uwb,
  title={UWB tapered-slot patch antenna with reconfigurable dual band-notches characteristics},
  author={Azeez, Adham R and Ahmed, Sadiq K and Hassain, Zaid A Abdul and Al-behadili, Amer Abbood and Ghazi, Hind S and Mezaal, Yaqeen S and Hashim, Ahmed A and Al-Hilali, Aqeel Ali and Al-Majdi, Kadhum},
  journal={Journal of Mechanics of Continua and Mathematical Sciences},
  volume={19},
  number={3},
  pages={40--50},
  year={2024}
}
@article{tariq2021metasurface,
  title={A metasurface-based MIMO antenna for 5G millimeter-wave applications},
  author={Tariq, Saba and Naqvi, Syeda I and Hussain, Niamat and Amin, Yasar},
  journal={IEEE Access},
  volume={9},
  pages={51805--51817},
  year={2021},
  publisher={IEEE}
}
@article{naoui2014metamaterials,
  title={Metamaterials dipole antenna by using split ring resonators for RFID technology},
  author={Naoui, Seif and Latrach, Lassaad and Gharsallah, Ali},
  journal={Microwave and optical technology letters},
  volume={56},
  number={12},
  pages={2899--2903},
  year={2014},
  publisher={Wiley Online Library}
}
@article{edries2020new,
  title={A new compact quad-band metamaterial absorber using interlaced I/square resonators: design, fabrication, and characterization},
  author={Edries, Mohamed and Mohamed, Hesham A and Hekal, Sherif S and El-Morsy, Mohamed A and Mansour, Hala A},
  journal={IEEE Access},
  volume={8},
  pages={143723--143733},
  year={2020},
  publisher={IEEE}
}
@article{rahad2024graphene,
  title={Graphene-metamaterial based tunable broadband polarization insensitive absorber for terahertz antenna design},
  author={Rahad, Rummanur and Mohsin, Abu SM and Bhuian, Belal and Rahman, Md Mosaddequr},
  journal={IEEE Access},
  year={2024},
  publisher={IEEE}
}
@inproceedings{sudharani2023design,
  title={Design of a Dual-Band Square Patch Antenna with L-Shaped Stubs and DGS for C \& X-Band Applications},
  author={Sudharani, P and TS, Mahammed Basha and Kalyanarao, B and Reddy, R Ramana},
  booktitle={2023 IEEE Wireless Antenna and Microwave Symposium (WAMS)},
  pages={1--5},
  year={2023},
  organization={IEEE}
}
@inproceedings{mei2024adaptive,
  title={Adaptive Equalization Algorithm Based on Quaternion in Pulsed Noise Environment},
  author={Mei, Xingao and Lin, Bin and Li, Sen},
  booktitle={2024 IEEE/CIC International Conference on Communications in China (ICCC)},
  pages={439--444},
  year={2024},
  organization={IEEE}
}
@article{wang2024novel,
  title={Novel Hybrid Particle Swarm and Brainstorm Optimization: Electromagnetic applications with enhanced performance},
  author={Wang, Yumeng and Song, Lingnan and Zeng, Lingchao and Rahmat-Samii, Yahya},
  journal={IEEE Antennas and Propagation Magazine},
  year={2024},
  publisher={IEEE}
}
@inproceedings{zhou2024electromagnetic,
  title={Electromagnetic positioning strategy based on trust-region optimization and higher order spatial calibration},
  author={Zhou, Zhipeng and Wang, Chongyang and He, Xiao and Ding, Yuqiang and Cui, Hengzheng and Bai, Weiliang and Liu, Hao},
  booktitle={2024 IEEE International Conference on Real-time Computing and Robotics (RCAR)},
  pages={229--234},
  year={2024},
  organization={IEEE}
}
@article{peng2024efficient,
  title={An Efficient Optimization Method for Antenna Arrays Using a Small Population Diploid Genetic Algorithm Based on Local RBF Networks},
  author={Peng, Fengling and Chen, Xing},
  journal={IEEE Transactions on Antennas and Propagation},
  year={2024},
  publisher={IEEE}
}
@article{huang2023antenna,
  title={Antenna array on glass interposer for 6G wireless communications},
  author={Huang, Kai-Qi and Swaminathan, Madhavan},
  journal={IEEE Transactions on Components, Packaging and Manufacturing Technology},
  volume={13},
  number={2},
  pages={211--218},
  year={2023},
  publisher={IEEE}
}
@article{jing2024breaking,
  title={Breaking Limits of Line-of-Sight MIMO Capacity in 6G Wireless Communications},
  author={Jing, Haiyue and Cheng, Wenchi and Zhang, Wei},
  journal={IEEE Wireless Communications},
  year={2024},
  publisher={IEEE}
}
@inproceedings{gonzalez2020sub,
  title={Sub-Terahertz Antenna Array Packaged in Bio-Compatible Polymer for Fully-Passive Subdermal Sensing},
  author={Gonzalez, Alfredo and Volakis, John L and Alwan, Elias A},
  booktitle={2020 IEEE MTT-S International Microwave Biomedical Conference (IMBioC)},
  pages={1--3},
  year={2020},
  organization={IEEE}
}
@article{ullah2022wideband,
  title={Wideband and high gain array antenna for 5G smart phone applications using frequency selective surface},
  author={Ullah, Raza and Ullah, Sadiq and Ullah, Rizwan and Din, Iftikhar Ud and Kamal, Babar and Khan, Muhammad Altaf Hussain and Matekovits, Ladislau},
  journal={IEEE Access},
  volume={10},
  pages={86117--86126},
  year={2022},
  publisher={IEEE}
}
@article{kumar2021electromagnetic,
  title={Electromagnetic metamaterials: A new paradigm of antenna design},
  author={Kumar, Praveen and Ali, Tanweer and Pai, MM Manohara},
  journal={IEEE Access},
  volume={9},
  pages={18722--18751},
  year={2021},
  publisher={IEEE}
}
@article{zetterstrom2024industrial,
  title={Industrial Evolution of Lens Antennas towards 6G Radio Access Applications},
  author={Zetterstrom, Oskar and Rico-Fern{\'a}ndez, Jos{\'e} and G{\'o}mez-Tornero, Jos{\'e} Luis and Algaba-Braz{\'a}lez, Astrid},
  journal={IEEE Antennas and Wireless Propagation Letters},
  year={2024},
  publisher={IEEE}
}
@article{nguyen2022ultra,
  title={An ultra-miniaturized circular polarized implantable antenna with gain enhancement by using DGS and holey superstrate for biomedical applications},
  author={Nguyen, Ducdung and Seo, Chulhun},
  journal={IEEE Access},
  volume={11},
  pages={16466--16473},
  year={2022},
  publisher={IEEE}
}
@inproceedings{nawaz2024broadband,
  title={Broadband Planar Antenna with V-Slots Configuration for Sub-THz Communication},
  author={Nawaz, Sher and Sethi, Waleed Tariq},
  booktitle={2024 11th International Conference on Wireless Networks and Mobile Communications (WINCOM)},
  pages={1--6},
  year={2024},
  organization={IEEE}
}
@inproceedings{simsek2020146,
  title={A 146.7 GHz transceiver with 5 GBaud data transmission using a low-cost series-fed patch antenna array through wirebonding integration},
  author={Simsek, Arda and Kim, Seong-Kyun and Abdelghany, Mohammed and Ahmed, Ahmed SH and Farid, Ali A and Madhow, Upamanyu and Rodwell, Mark JW},
  booktitle={2020 IEEE Radio and Wireless Symposium (RWS)},
  pages={68--71},
  year={2020},
  organization={IEEE}
}
@article{joseph2023series,
  title={Series-fed millimeter-wave antenna array based on microstrip line structure},
  author={Joseph, Sumin David and Ball, Edward A},
  journal={IEEE Open Journal of Antennas and Propagation},
  volume={4},
  pages={254--261},
  year={2023},
  publisher={IEEE}
}
@inproceedings{joseph2022novel,
  title={A novel millimeter-wave series-fed microstrip line antenna array},
  author={Joseph, Sumin David and Ball, Edward},
  booktitle={2022 16th European Conference on Antennas and Propagation (EuCAP)},
  pages={1--4},
  year={2022},
  organization={IEEE}
}
@inproceedings{ye2021series,
  title={A Series-Fed Patch Antenna Array for Biomedical Radar Applications},
  author={Ye, Yi-Jie and Chueh, Hui-Yu and Chang, Wei-Chan and Liao, Wen-Jiao},
  booktitle={2021 International Symposium on Antennas and Propagation (ISAP)},
  pages={1--2},
  year={2021},
  organization={IEEE}
}
@inproceedings{liu202079ghz,
  title={A 79GHz series fed microstrip patch antenna array with bandwidth enhancement and sidelobe suppression},
  author={Liu, Yuanzhi and Bai, Guo and Yagoub, Mustapha CE},
  booktitle={2020 International Conference on Radar, Antenna, Microwave, Electronics, and Telecommunications (ICRAMET)},
  pages={155--158},
  year={2020},
  organization={IEEE}
}
@article{heo2024optically,
  title={Optically Transparent Series-Fed Microstrip Array with Small Inter-Element Spacing and Stepped Feed-Lines for Antenna-on-Display},
  author={Heo, Jin Myeong and Kim, Kiseo and Choi, Jaeuk and Byun, Gangil},
  journal={IEEE Access},
  year={2024},
  publisher={IEEE}
}
@inproceedings{sufian2022series,
  title={A series fed planar array-based 4-port MIMO antenna for 5G mmWave IoT applications},
  author={Sufian, Md Abu and Hussain, Niamat and Abbas, Anees and Awan, Wahaj Abbas and Choi, Domin and Kim, Nam},
  booktitle={2022 Asia-Pacific Microwave Conference (APMC)},
  pages={880--882},
  year={2022},
  organization={IEEE}
}
@article{ji2024design,
  title={Design of High-Gain Antenna Arrays for Terahertz Applications},
  author={Ji, Xinran and Chen, Yu and Li, Jing and Wang, Dian and Zhao, Yue and Wu, Qiannan and Li, Mengwei},
  journal={Micromachines},
  volume={15},
  number={3},
  pages={407},
  year={2024},
  publisher={MDPI}
}
@article{mohan2023wideband,
  title={Wideband Matching Circuit for mmWave Series Fed Patch Array Antenna},
  author={Mohan, Manoj Prabhakar and Jimeno, Juan Miguel and Mei, Sun and Alphones, Arokiaswami and Siyal, Mohammed Yakoob and Karim, Muhammad Faeyz},
  journal={IEEE Access},
  volume={11},
  pages={62565--62573},
  year={2023},
  publisher={IEEE}
}
@inproceedings{pfahler2023compact,
  title={Compact and broadband 300 GHz three-element on-chip patch antenna},
  author={Pfahler, Tim and Vossiek, Martin and Sch{\"u}r, Jan},
  booktitle={2023 IEEE Radio and Wireless Symposium (RWS)},
  pages={139--142},
  year={2023},
  organization={IEEE}
}
@inproceedings{imtiaj2020performance,
  title={Performance Comparison between 2$\times$ 1 and 2$\times$ 2 Corporate Feed Antenna Array in X-band},
  author={Imtiaj, SK and Bhattacharya, Sandipan},
  booktitle={2020 IEEE Calcutta Conference (CALCON)},
  pages={189--193},
  year={2020},
  organization={IEEE}
}
@inproceedings{paik2021compact,
  title={A Compact 1$\times$ 4 Microstrip Antenna Array for V-band Downlink Satellite Applications},
  author={Paik, Harikrishna and Premchand, K},
  booktitle={2021 2nd International Conference for Emerging Technology (INCET)},
  pages={1--4},
  year={2021},
  organization={IEEE}
}
@article{ji2022wideband,
  title={A wideband and high-gain all-metallic perpendicular-corporate-fed multi-layered parallel-plate slot array antenna},
  author={Ji, Shuang and Hirokawa, Jiro and Tomura, Takashi},
  journal={IEEE Access},
  volume={10},
  pages={38000--38011},
  year={2022},
  publisher={IEEE}
}
@article{guler2023novel,
  title={A novel high isolation 4-port compact MIMO antenna with DGS for 5G applications},
  author={G{\"u}ler, Cem and Bayer Keskin, Sena Esen},
  journal={Micromachines},
  volume={14},
  number={7},
  pages={1309},
  year={2023},
  publisher={MDPI}
}
@inproceedings{su2024design,
  title={Design of Miniaturized K-band MIMO Antennas Based on DGS},
  author={Su, Dongrui and Nan, Jingchang and Zhao, Longyou and Yang, Zewei},
  booktitle={2024 4th International Conference on Electronics, Circuits and Information Engineering (ECIE)},
  pages={510--513},
  year={2024},
  organization={IEEE}
}
@inproceedings{miligy2024enhanced,
  title={Enhanced Patch Antenna Characteristics Analysis and Implementation with DGS and SMS},
  author={Miligy, Ahmed F and Elfeky, Assem H and Amar, Ahmed SI and Eid, Alla M and Sree, Mohamed Fathy Abo and others},
  booktitle={2024 International Telecommunications Conference (ITC-Egypt)},
  pages={615--622},
  year={2024},
  organization={IEEE}
}
@inproceedings{tiwari20234,
  title={4$\times$ 4 Rectangular Shape Microstrip Patch Antenna-Array With DGS For 5G Wi-Fi Communication Application},
  author={Tiwari, Rovin and Sharma, Raghavendra and Dubey, Rahul},
  booktitle={2023 1st International Conference on Innovations in High Speed Communication and Signal Processing (IHCSP)},
  pages={281--285},
  year={2023},
  organization={IEEE}
}
@inproceedings{hu2023high,
  title={High-Isolated MIMO Antenna Design Based on Polygonal DGS},
  author={Hu, Xuesong and Jia, Xingning and Wang, Ruidong and Qin, Guoche},
  booktitle={2023 Cross Strait Radio Science and Wireless Technology Conference (CSRSWTC)},
  pages={1--3},
  year={2023},
  organization={IEEE}
}
@article{bekasiewicz2021driven,
  title={EM-driven multi-objective optimization of a generic monopole antenna by means of a nested trust-region algorithm},
  author={Bekasiewicz, Adrian and Koziel, Slawomir and Plotka, Piotr and Zwolski, Krzysztof},
  journal={Applied Sciences},
  volume={11},
  number={9},
  pages={3958},
  year={2021},
  publisher={MDPI}
}
@book{balanis2016antenna,
  title={Antenna theory: analysis and design},
  author={Balanis, Constantine A},
  year={2016},
  publisher={John wiley \& sons}
}
@inproceedings{dong2020wideband,
  title={Wideband tapered slot antenna for D-band applications},
  author={Dong, Yunfeng and Turhaner, Arsen and Zhurbenko, Vitaliy and Johansen, Tom K},
  booktitle={2020 14th European conference on antennas and propagation (EuCAP)},
  pages={1--4},
  year={2020},
  organization={IEEE}
}
@article{de2021review,
  title={A review of design and integration technologies for D-band antennas},
  author={de Kok, Martijn and Smolders, A Bart and Johannsen, Ulf},
  journal={IEEE Open Journal of Antennas and Propagation},
  volume={2},
  pages={746--758},
  year={2021},
  publisher={IEEE}
}
@article{karakuzulu2023four,
  title={A four-channel bidirectional D-band phased-array transceiver for 200 Gb/s 6G wireless communications in a 130-nm BiCMOS technology},
  author={Karakuzulu, Alper and Ahmad, Wael Abdullah and Kissinger, Dietmar and Malignaggi, Andrea},
  journal={IEEE Journal of Solid-State Circuits},
  volume={58},
  number={5},
  pages={1310--1322},
  year={2023},
  publisher={IEEE}
}
@book{pandey2019practical,
  title={Practical microstrip and printed antenna design},
  author={Pandey, Anil},
  year={2019},
  publisher={Artech House}
}
@article{guneser2024efficient,
  title={Efficient 5.8 GHz Microstrip Antennas for Intelligent Transportation Systems: Design, Fabrication, and Performance Analysis},
  author={Guneser, Muhammet Tahir and Seker, Cihat and Guler, Mehmet Izzeddin and Fitriyani, Norma Latif and Syafrudin, Muhammad},
  journal={Mathematics},
  volume={12},
  number={8},
  pages={1202},
  year={2024},
  publisher={MDPI}
}
@article{balanis2024evolution,
  title={The Evolution of Antenna Technology: Reflectors and Microstrips},
  author={Balanis, Constantine A},
  journal={IEEE Antennas and Propagation Magazine},
  year={2024},
  publisher={IEEE}
}
@article{bouchachi2024design,
  title={Design and performances improvement of an UWB antenna with DGS structure using a grey wolf optimization algorithm},
  author={Bouchachi, Islem and Reddaf, Abdelmalek and Boudjerda, Mounir and Alhassoon, Khaled and Babes, Badreddine and Alsunaydih, Fahad N and Ali, Enas and Alsharef, Mohammad and Alsaleem, Fahd},
  journal={Heliyon},
  volume={10},
  number={5},
  year={2024},
  publisher={Elsevier}
}
@inproceedings{benaissa2024efficient,
  title={Efficient Ultra-Compact Antenna for 2.45 GHz ISM Band Wireless Connectivity in Biomedical Devices},
  author={Benaissa, Mohamed and Chaabane, Abdelhalim and Aissaoui, Djelloul and Attia, Hussein},
  booktitle={2024 8th International Conference on Image and Signal Processing and their Applications (ISPA)},
  pages={1--5},
  year={2024},
  organization={IEEE}
}
@article{patel2024design,
  title={Design and optimization of meandered plasmonic MIMO antenna with defected ground structure showing ultra-wideband response and high isolation for 6G/TWPAN communication},
  author={Patel, Shobhit K and Jansari, Deval and Almawgani, Abdulkarem HM and Armghan, Ammar and Irfan, Muhammad and Lavadiya, Sunil},
  journal={Optical and Quantum Electronics},
  volume={56},
  number={1},
  pages={86},
  year={2024},
  publisher={Springer}
}
@ARTICLE{9462072,
  author={Milias, Christos and Andersen, Rasmus B. and Lazaridis, Pavlos I. and Zaharis, Zaharias D. and Muhammad, Bilal and Kristensen, Jes T. B. and Mihovska, Albena and Hermansen, Dan D. S.},
  journal={IEEE Access}, 
  title={Metamaterial-Inspired Antennas: A Review of the State of the Art and Future Design Challenges}, 
  year={2021},
  volume={9},
  number={},
  pages={89846-89865},
  keywords={Metamaterials;Antennas;Magnetic materials;Permittivity;Wires;Permeability;Resonant frequency;Metamaterials;electrically small antennas;gain enhancement;isolation enhancement},
  doi={10.1109/ACCESS.2021.3091479}}
@article{el2024square,
  title={A square split ring resonator-based metamaterial integrated high gain 4$\times$ 4 MIMO antenna with circular polarization for wideband 5G millimeter-wave applications},
  author={EL Houda Nasri, Nour and EL Ghzaoui, Mohammed and Das, Sudipta and Jackson, Beulah and Madhav, Boddapati Taraka Phani and Fattah, Mohammed},
  journal={Optical and Quantum Electronics},
  volume={56},
  number={6},
  pages={971},
  year={2024},
  publisher={Springer}
}
@inproceedings{qiu2020band,
  title={E-band microstrip patch array antenna based on hybrid feeding network},
  author={Qiu, Yike and Li, Bin},
  booktitle={2020 International Conference on Microwave and Millimeter Wave Technology (ICMMT)},
  pages={1--3},
  year={2020},
  organization={IEEE}
}
@inproceedings{song2024millimeter,
  title={A Millimeter-Wave Wideband Patch Array Antenna with Parallel Connected Series-Fed Network},
  author={Song, Huanyue and Fan, Qiling and Wang, Yajin and Li, Zengrui},
  booktitle={2024 IEEE International Workshop on Antenna Technology (iWAT)},
  pages={153--155},
  year={2024},
  organization={IEEE}
}
@inproceedings{han202460ghz,
  title={A 60GHz Series-fed Microstrip Patch Antenna Array for Millimeter Wave Automotive Radar Application},
  author={Han, Yu and Zhang, Daiyao and Huang, Chengdong and Jiang, Jiang and Zhou, Liguo},
  booktitle={2024 Photonics \& Electromagnetics Research Symposium (PIERS)},
  pages={1--7},
  year={2024},
  organization={IEEE}
}
@inproceedings{zhou2020design,
  title={Design and fabrication of patch antenna array on quartz glass substrate at 146 GHz},
  author={Zhou, Li and Tang, Min and Gao, Zheng and Mao, Junfa and Yue, Haikun and Tang, Yang},
  booktitle={2020 international conference on microwave and millimeter wave technology (ICMMT)},
  pages={1--3},
  year={2020},
  organization={IEEE}
}
@inproceedings{rifat20231,
  title={1$\times$ 4 Patch Array Antenna for 28GHz 5G Millimeter-wave Communication},
  author={Rifat, Nafis Iquebal and Jahan, Tahmidur and Mia, Md Sharif and Islam, Md Mirajul and Kamrunnaher, Kamrunnaher and Azim, Rezaul},
  booktitle={2023 26th International Conference on Computer and Information Technology (ICCIT)},
  pages={1--5},
  year={2023},
  organization={IEEE}
}
@article{wang2024wide,
  title={A Wide-Beam Antenna for Automotive Radar Based on Improved Particle Swarm Algorithm},
  author={Wang, Bin and Li, ZhenHua and Yin, Shufei},
  journal={International Journal of Automotive Manufacturing and Materials},
  pages={4--4},
  year={2024}
}
@inproceedings{sankar2024circular,
  title={Circular Polarized Conformal Array Antenna For Satellite Applications},
  author={Sankar, Ch V Ravi and Jayasree, PVY and Devana, VN Koteswara Rao and Taj, Mohammad and Sudha, V Satya and Rajkamal, K},
  booktitle={2024 IEEE Wireless Antenna and Microwave Symposium (WAMS)},
  pages={1--4},
  year={2024},
  organization={IEEE}
}
@inproceedings{goksel2024comparison,
  title={Comparison of Six Different Dielectric Substrates in Microstrip Patch Antenna Design},
  author={G{\"o}ksel, Fatih and Karamzadeh, Saeid},
  booktitle={2024 32nd Signal Processing and Communications Applications Conference (SIU)},
  pages={1--4},
  year={2024},
  organization={IEEE}
}
@inproceedings{bekasiewicz2024design,
  title={Design of a Cellular Dual-Band Sticker Antenna for Thickness-Independent 3D-Printed Substrates},
  author={Bekasiewicz, Adrian and Askaripour, Khadijeh and Wojcikowski, Marek and Cao, Tuan-Vu},
  booktitle={2024 25th International Microwave and Radar Conference (MIKON)},
  pages={153--156},
  year={2024},
  organization={IEEE}
}
@article{lynch2024super,
  title={Super realized gain antenna array},
  author={Lynch, D{\'o}nal Patrick and Tentzeris, Manos M and Fusco, Vincent and Asimonis, Stylianos D},
  journal={IEEE Transactions on Antennas and Propagation},
  year={2024},
  publisher={IEEE}
}
@inproceedings{chekole2022design,
  title={Design of High Isolation Circular Shape Patch Element Multi-band Phased Array Antenna for Millimeter Wave 5G Mobile Handsets},
  author={Chekole, Baye Zenebe and Abegaz, Mulugeta Atlabachew},
  booktitle={2022 International Conference on Information and Communication Technology for Development for Africa (ICT4DA)},
  pages={127--132},
  year={2022},
  organization={IEEE}
}